
@article{cdmsGdPS2018,
    title={Characterization of Gadolinium-loaded Plastic Scintillator for Use as a Neutron Veto},
    author={Poehlmann, D. M. and others},
    journal={Submitted to NIM A for review},
    archivePrefix = "arXiv",
	eprint = {1812.11267},
    year={2018}
}


@unpublished{ARISERpresentationAPS2019,
    author={Poehlmann, D. M.}, 
    title={Argon Recoil Ionization and Scintillation from Electron Recoils ({ARIS-ER})}, 
    howpublished={Presentation}, 
    day={1},
    month={Nov}, 
    year={2019},
    url={http://absimage.aps.org/image/FWS19/MWS_FWS19-2019-000118.pdf},
    note={2019 Fall Meeting of the Far West Section of the American Physical Society Conference, Stanford}
}


@unpublished{FNALNewPerspectives2020,
    author={Poehlmann, D. M.}, 
    title={The {DarkSide-20k} Experiment in 10 Minutes}, 
    howpublished={Talk}, 
    day={20},
    month={July}, 
    year={2020},
    url={https://indico.fnal.gov/event/23110/contributions/191314/},
    note={{New Perspectives 2020 Conference, Fermilab}}
}


@unpublished{APSFarWestFall2020,
    author={Poehlmann, D. M.}, 
    title={Constraints on Sub-{GeV} Dark Matter-Electron Scattering from the {DarkSide-50} Experiment}, 
    howpublished={Presentation}, 
    day={9},
    month={Oct}, 
    year={2020},
    url={http://absimage.aps.org/image/FWS20/MWS_FWS20-2020-000036.pdf},
    note={2020 Fall Meeting of the Far West Section of the American Physical Society Conference, Virtual}
}